@misc{XenServer65UserGuide,
  key="XenServer65UserGuide",
  title="{Citrix XenServer 6.5 Service Pack 1 Virtual Machine User Guide}",
  howpublished="\url{https://docs.citrix.com/content/dam/docs/en-us/xenserver/xenserver-65/xenserver65sp1_vm_users_guide.pdf}",
  note="{Accessed: 2018-02-24}"
}
@INBOOK{brooks2001-silver,
	TITLE="The Mythical Man-Month",
	CHAPTER="No Silver Bullet - Essence and Accident in Software Engineering",
	AUTHOR="F. P. Brooks",
	PAGES="177--203",
	YEAR=2001,
	PUBLISHER="Addison Wesley Longman Inc.",
	ADDRESS="New York",
	EDITION="15., Aufl."
}

@BOOK{mueller2000,
	AUTHOR="J.-A. Müller",
	TITLE="Systems Engineering",
	PUBLISHER="Manz-Verlag Schulbuch (Fortis)",
	YEAR=2000,
	ADDRESS="Wien"
}

@TECHREPORT{pasche1992,
	AUTHOR="M. Pasche",
	TITLE="Synergetik und Evolutorische Ökonomik",
	INSTITUTION="Universität Hannover Fachbereich Wirtschaftswissenschaften",
	TYPE="Diskussionspapier",
	NUMBER=179,
	MONTH=dec,
	YEAR=1992
}


@article{kahneman,
	AUTHOR="Daniel Kahneman and Amos Tversky",
	TITLE="Prospect Theory: An Analysis of Decision under Risk",
	PUBLISHER="Econometrica",
	VOLUME="47(2)",
	YEAR=1979
}

